% http://biblatex-biber.sourceforge.net/

@online{imagemfaraday,
   author = "Anônimo",
   title = "Lei de Faraday: o que é, história, teorias, fórmula e aplicações",
   url = "https://conhecimentocientifico.r7.com/wp-content/uploads/2019/05/conheca-a-lei-de-faraday-e-saiba-que-contribuicao-ela-deu-a-humanidade.jpg.webp",
   note = "[Acessado em: 20 mar. 2024]"
}

@article{231624,
  author={Blache, C. and Paccard, D.},
  journal={IEEE Transactions on Magnetics}, 
  title={Magnetic circuits classification}, 
  year={1993},
  volume={29},
  number={5},
  pages={2221-2227},
  doi={10.1109/20.231624}
}

@online{imagemeddy,
   author = "{Colaborador da Wikipedia (Chetvorno)}",
   title = "Eddy currents due to magnet",
   year = "2014",
   url = "https://commons.wikimedia.org/wiki/File:Eddy_currents_due_to_magnet.svg",
   note = "[Acessado em: 20 mar. 2024]"
}

@article{maxwell,
    author = {Fleisch, Daniel and Lemons, Don},
    year = {2009},
    month = {11},
    pages = {1086-1086},
    title = {A student's guide to Maxwell's equations},
    volume = {77},
    journal = {American Journal of Physics - AMER J PHYS},
    doi = {10.1119/1.3133085}
}

@book{cheng,
  title={Field and Wave Electromagnetics},
  author={Cheng, David K.},
  year={1989},
  publisher={Addison-Wesley},
  address={Reading, MA},
  edition={2nd}
}

@book{sadiku,
  title={Elementos do Eletromagnetismo},
  author={Sadiku, Matthew N. O.},
  year={2012},
  publisher={Bookman},
  address={Porto Alegre, RS},
  edition={5 ed}
}